@inproceedings{hive,
  title={Hive-a petabyte scale data warehouse using hadoop},
  author={Thusoo, A. and Sarma, J.S. and Jain, N. and Shao, Z. and Chakka, P. and Zhang, N. and Antony, S. and Liu, H. and Murthy, R.},
  booktitle={Data Engineering (ICDE), 2010 IEEE 26th International Conference on},
  pages={996--1005},
  year={2010},
  organization={IEEE}
}
	
@inproceedings{memento-hotos,
 author = {Ananthanarayanan, Ganesh and Ghodsi, Ali and Shenker, Scott and Stoica, Ion},
 title = {Disk-locality in datacenter computing considered irrelevant},
 booktitle = {HotOS '11},
 year = {2011},
 url = {http://dl.acm.org/citation.cfm?id=1991596.1991613},
 acmid = {1991613},
},

@inproceedings{delay-scheduling,
	Author = {Zaharia, Matei and Borthakur, Dhruba and Sen Sarma, Joydeep and Elmeleegy, Khaled and Shenker, Scott and Stoica, Ion},
	Booktitle = {{EuroSys} 10},
	Year = {2010},
	Title = {Delay Scheduling: A Simple Technique for Achieving Locality and Fairness in Cluster Scheduling}
}

@techreport{spark-tr,
    Author = {Zaharia, Matei and Chowdhury, Mosharaf and Das, Tathagata and Dave, Ankur and Ma, Justin and McCauley, Murphy and Franklin, Michael and Shenker, Scott and Stoica, Ion},
    Title = {Resilient Distributed Datasets: A Fault-Tolerant Abstraction for In-Memory Cluster Computing},
    Institution = {EECS Department, UC Berkeley},
    Year = {2011},
    URL = {http://www.eecs.berkeley.edu/Pubs/TechRpts/2011/EECS-2011-82.html},
    Number = {UCB/EECS-2011-82}
}

@article{madlib,
  title={MAD skills: new analysis practices for big data},
  author={Cohen, J. and Dolan, B. and Dunlap, M. and Hellerstein, J.M. and Welton, C.},
  journal={Proceedings of the VLDB Endowment},
  volume={2},
  number={2},
  pages={1481--1492},
  year={2009},
  publisher={VLDB Endowment}
}

@article{dremel,
 author = {Melnik, Sergey and Gubarev, Andrey and Long, Jing Jing and Romer, Geoffrey and Shivakumar, Shiva and Tolton, Matt and Vassilakis, Theo},
 title = {Dremel: interactive analysis of web-scale datasets},
 journal = {Proc. VLDB Endow.},
 volume = {3},
 issue = {1-2},
 month = {Sept},
 year = {2010},
 issn = {2150-8097},
 pages = {330--339},
 numpages = {10},
 url = {http://portal.acm.org/citation.cfm?id=1920841.1920886},
 acmid = {1920886},
}