@inproceedings{hive,
  title={Hive-a petabyte scale data warehouse using hadoop},
  author={Thusoo, A. and Sarma, J.S. and Jain, N. and Shao, Z. and Chakka, P. and Zhang, N. and Antony, S. and Liu, H. and Murthy, R.},
  booktitle={Data Engineering (ICDE), 2010 IEEE 26th International Conference on},
  pages={996--1005},
  year={2010},
  organization={IEEE}
}

@misc{tpch,
  title={{TPC-H Benchmark}},
  howpublished={http://www.tpc.org/tpch/}
}

@misc{tpch-hive,
  title={{Running TPC-H Queries on Hive}},
  howpublished={https://issues.apache.org/jira/browse/hive-600}
}


@inproceedings{memento-hotos,
 author = {Ananthanarayanan, Ganesh and Ghodsi, Ali and Shenker, Scott and Stoica, Ion},
 title = {Disk-locality in datacenter computing considered irrelevant},
 booktitle = {HotOS '11},
 year = {2011},
 url = {http://dl.acm.org/citation.cfm?id=1991596.1991613},
 acmid = {1991613},
},

@inproceedings{delay-scheduling,
	Author = {Zaharia, Matei and Borthakur, Dhruba and Sen Sarma, Joydeep and Elmeleegy, Khaled and Shenker, Scott and Stoica, Ion},
	Booktitle = {{EuroSys} 10},
	Year = {2010},
	Title = {Delay Scheduling: A Simple Technique for Achieving Locality and Fairness in Cluster Scheduling}
}

@techreport{spark-tr,
    Author = {Zaharia, Matei and Chowdhury, Mosharaf and Das, Tathagata and Dave, Ankur and Ma, Justin and McCauley, Murphy and Franklin, Michael and Shenker, Scott and Stoica, Ion},
    Title = {Resilient Distributed Datasets: A Fault-Tolerant Abstraction for In-Memory Cluster Computing},
    Institution = {EECS Department, UC Berkeley},
    Year = {2011},
    URL = {http://www.eecs.berkeley.edu/Pubs/TechRpts/2011/EECS-2011-82.html},
    Number = {UCB/EECS-2011-82}
}

@article{madlib,
  title={MAD skills: new analysis practices for big data},
  author={Cohen, J. and Dolan, B. and Dunlap, M. and Hellerstein, J.M. and Welton, C.},
  journal={Proceedings of the VLDB Endowment},
  volume={2},
  number={2},
  pages={1481--1492},
  year={2009},
  publisher={VLDB Endowment}
}

@inproceedings{cstore,
  title={C-store: a column-oriented DBMS},
  author={Stonebraker, M. and Abadi, D.J. and Batkin, A. and Chen, X. and Cherniack, M. and Ferreira, M. and Lau, E. and Lin, A. and Madden, S. and O'Neil, E. and others},
  booktitle={Proceedings of the 31st international conference on Very large data bases},
  pages={553--564},
  year={2005},
  organization={VLDB Endowment}
}

@article{hstore,
  title={H-store: a high-performance, distributed main memory transaction processing system},
  author={Kallman, R. and Kimura, H. and Natkins, J. and Pavlo, A. and Rasin, A. and Zdonik, S. and Jones, E.P.C. and Madden, S. and Stonebraker, M. and Zhang, Y. and others},
  journal={Proceedings of the VLDB Endowment},
  volume={1},
  number={2},
  pages={1496--1499},
  year={2008},
  publisher={VLDB Endowment}
}

@article{ramcloud,
  title={The case for RAMClouds: scalable high-performance storage entirely in DRAM},
  author={Ousterhout, J. and Agrawal, P. and Erickson, D. and Kozyrakis, C. and Leverich, J. and Mazi{\`e}res, D. and Mitra, S. and Narayanan, A. and Parulkar, G. and Rosenblum, M. and others},
  journal={ACM SIGOPS Operating Systems Review},
  volume={43},
  number={4},
  pages={92--105},
  year={2010},
  publisher={ACM}
}

@article{dremel,
 author = {Melnik, Sergey and Gubarev, Andrey and Long, Jing Jing and Romer, Geoffrey and Shivakumar, Shiva and Tolton, Matt and Vassilakis, Theo},
 title = {Dremel: interactive analysis of web-scale datasets},
 journal = {Proc. VLDB Endow.},
 volume = {3},
 issue = {1-2},
 month = {Sept},
 year = {2010},
 issn = {2150-8097},
 pages = {330--339},
 numpages = {10},
 url = {http://portal.acm.org/citation.cfm?id=1920841.1920886},
 acmid = {1920886},
}

@article{mqo,
  title={Multiple-query optimization},
  author={Sellis, T.K.},
  journal={ACM Transactions on Database Systems (TODS)},
  volume={13},
  number={1},
  pages={23--52},
  year={1988},
  publisher={ACM}
}

@phdthesis{krishnamurthy2006shared,
  title={Shared query processing in data streaming systems},
  author={Krishnamurthy, S.},
  year={2006},
  school={Citeseer}
}

@inproceedings{pavlo2009comparison,
  title={A comparison of approaches to large-scale data analysis},
  author={Pavlo, A. and Paulson, E. and Rasin, A. and Abadi, D.J. and DeWitt, D.J. and Madden, S. and Stonebraker, M.},
  booktitle={Proceedings of the 35th SIGMOD international conference on Management of data},
  pages={165--178},
  year={2009},
  organization={ACM}
}


@book{distributed-db-ozsu,
 author = {\"{O}zsu, M. Tamer and Valduriez, Patrick},
 title = {Principles of distributed database systems (2nd ed.)},
 year = {1999},
 isbn = {0-13-659707-6},
 publisher = {Prentice-Hall, Inc.},
 address = {Upper Saddle River, NJ, USA},
} 

@article{mapreduce,
 author = {Dean, Jeffrey and Ghemawat, Sanjay},
 title = {MapReduce: simplified data processing on large clusters},
 journal = {Commun. ACM},
 issue_date = {January 2008},
 volume = {51},
 issue = {1},
 month = jan,
 year = {2008},
 issn = {0001-0782},
 pages = {107--113},
 numpages = {7},
 url = {http://doi.acm.org/10.1145/1327452.1327492},
 doi = {http://doi.acm.org/10.1145/1327452.1327492},
 acmid = {1327492},
 publisher = {ACM},
 address = {New York, NY, USA},
} 

@inproceedings{pig,
 author = {Olston, Christopher and Reed, Benjamin and Srivastava, Utkarsh and Kumar, Ravi and Tomkins, Andrew},
 title = {Pig latin: a not-so-foreign language for data processing},
 booktitle = {Proceedings of the 2008 ACM SIGMOD international conference on Management of data},
 series = {SIGMOD '08},
 year = {2008},
 isbn = {978-1-60558-102-6},
 location = {Vancouver, Canada},
 pages = {1099--1110},
 numpages = {12},
 url = {http://doi.acm.org/10.1145/1376616.1376726},
 doi = {http://doi.acm.org/10.1145/1376616.1376726},
 acmid = {1376726},
 publisher = {ACM},
 address = {New York, NY, USA},
 keywords = {dataflow language, pig latin},
} 

@inproceedings{tenzing,
    author = {Chattopadhyay, Biswapesh and Lin, Liang and Liu, Weiran and Mittal, Sagar and Aragonda, Prathyusha and Lychagina, Vera and Kwon, Younghee and Wong, Michael},
    booktitle = {Proc. VLDB},
    citeulike-article-id = {9753533},
    keywords = {2011, google, mapreuce, sql, sqlmr, vldb},
    pages = {1318--1327},
    posted-at = {2011-09-08 17:00:38},
    priority = {4},
    title = {{Tenzing A SQL Implementation On The MapReduce Framework}},
    volume = {4},
    year = {2011}
}

@inproceedings{hyracks,
  title={Hyracks: A flexible and extensible foundation for data-intensive computing},
  author={Borkar, V. and Carey, M. and Grover, R. and Onose, N. and Vernica, R.},
  booktitle={Data Engineering (ICDE), 2011 IEEE 27th International Conference on},
  pages={1151--1162},
  year={2011},
  organization={IEEE}
}

@article{asterix,
  title={ASTERIX: towards a scalable, semistructured data platform for evolving-world models},
  author={Behm, A. and Borkar, V.R. and Carey, M.J. and Grover, R. and Li, C. and Onose, N. and Vernica, R. and Deutsch, A. and Papakonstantinou, Y. and Tsotras, V.J.},
  journal={Distributed and Parallel Databases},
  pages={1--32},
  year={2011},
  publisher={Springer}
}

@inproceedings{split-execution,
  title={Efficient processing of data warehousing queries in a split execution environment},
  author={Bajda-Pawlikowski, K. and Abadi, D.J. and Silberschatz, A. and Paulson, E.},
  booktitle={Proceedings of the 2011 international conference on Management of data},
  pages={1165--1176},
  year={2011},
  organization={ACM}
}

@article{hadoopdb,
  title={HadoopDB: An architectural hybrid of MapReduce and DBMS technologies for analytical workloads},
  author={Abouzeid, A. and Bajda-Pawlikowski, K. and Abadi, D. and Silberschatz, A. and Rasin, A.},
  journal={Proceedings of the VLDB Endowment},
  volume={2},
  number={1},
  pages={922--933},
  year={2009},
  publisher={VLDB Endowment}
}

@article{haloop,
  title={HaLoop: Efficient iterative data processing on large clusters},
  author={Bu, Y. and Howe, B. and Balazinska, M. and Ernst, M.D.},
  journal={Proceedings of the VLDB Endowment},
  volume={3},
  number={1-2},
  pages={285--296},
  year={2010},
  publisher={VLDB Endowment}
}

@inproceedings{mapreduce-online,
  title={MapReduce online},
  author={Condie, T. and Conway, N. and Alvaro, P. and Hellerstein, J.M. and Elmeleegy, K. and Sears, R.},
  booktitle={Proceedings of the 7th USENIX conference on Networked systems design and implementation},
  pages={21--21},
  year={2010},
  organization={USENIX Association}
}

@misc{jvm-gc,
  title={Java SE 6 HotSpot[tm] Virtual Machine Garbage Collection Tuning},
  howpublished={http://www.oracle.com/technetwork/java/javase/gc-tuning-6-140523.html}
}

@misc{hbase-gc,
  title={Avoiding Full GCs in HBase with MemStore-Local Allocation Buffers},
  howpublished={http://www.cloudera.com/blog/2011/02/avoiding-full-gcs-in-hbase-with-memstore-local-allocation-buffers-part-1/}
}

@article{byte-buffer-non-heap,
  title={Byte Buffers and Non-Heap Memory},
  howpublished={http://www.kdgregory.com/index.php?page=java.byteBuffer}
}

%%%%%%%%%%%%%%%%%%%%%%%%%%% machine learning %%%%%%%%%%%%%%%%%%%%%%%%%%%%

@inproceedings{MapReduceML,
  author = {Cheng T. Chu and Sang K. Kim and Yi A. Lin and Yuanyuan Yu and Gary R. Bradski and Andrew Y. Ng and Kunle Olukotun},
  booktitle = {NIPS},
  editor = {Bernhard Sch\"{o}lkopf and John C. Platt and Thomas Hoffman},
  interhash = {96ced10b0cf1c9ce041cf2b43574656c},
  intrahash = {0de668cfdfc349fe197f30c7d840ba0f},
  pages = {281--288},
  publisher = {MIT Press},
  title = {Map-Reduce for Machine Learning on Multicore},
  url = {http://dblp.uni-trier.de/rec/bibtex/conf/nips/ChuKLYBNO06},
  year = 2006,
  keywords = {cloud map-reduce ml},
  added-at = {2009-08-17T16:24:20.000+0200},
  posted-at = {2008-03-07 03:16:12},
  description = {CiteULike: Map-Reduce for Machine Learning on Multicore},
  priority = {0},
  biburl = {http://www.bibsonomy.org/bibtex/20de668cfdfc349fe197f30c7d840ba0f/sb3000},
  citeulike-article-id = {2308503},
  citeulike-linkout-1 = {http://www.cs.stanford.edu/people/ang//papers/nips06-mapreducemulticore.pdf},
  citeulike-linkout-0 = {http://dblp.uni-trier.de/rec/bibtex/conf/nips/ChuKLYBNO06}
}

@article{kmeans,
  author = {J. A. Hartigan and M. A. Wong},
  interhash = {f32378f161e481db5375fe5164281ee9},
  intrahash = {0399e12b4e411a03eda28ebaf11553ec},
  journal = {JSTOR: Applied Statistics},
  number = 1,
  pages = {100--108},
  title = {A k-means clustering algorithm},
  volume = 28,
  year = 1979,
  keywords = {bachelor clustering kmeans mythesis ws08},
  added-at = {2008-12-01T16:58:34.000+0100},
  biburl = {http://www.bibsonomy.org/bibtex/20399e12b4e411a03eda28ebaf11553ec/ans}
}

@misc{CanopyClustering,
 howpublished = {http://code.google.com/p/canopy-clustering/}
}

@article{LogRegression,
    author = {Pregibon, Daryl},
    doi = {10.2307/2240841},
    issn = {00905364},
    journal = {The Annals of Statistics},
    keywords = {diagnostics, gof, logistic-regression, statistics},
    number = {4},
    pages = {705--724},
    posted-at = {2009-05-11 11:11:09},
    priority = {0},
    publisher = {Institute of Mathematical Statistics},
    title = {{Logistic Regression Diagnostics}},
    url = {http://dx.doi.org/10.2307/2240841},
    volume = {9},
    year = {1981}
}

@book{SVM,
 author = {Vapnik, Vladimir},
 title = {Estimation of Dependences Based on Empirical Data: Springer Series in Statistics (Springer Series in Statistics)},
 year = {1982},
 isbn = {0387907335},
 publisher = {Springer-Verlag New York, Inc.},
 address = {Secaucus, NJ, USA},
}

@article{LinearRegression,
    author = {Cleveland, William S. and Devlin, Susan J.},
    doi = {10.2307/2289282},
    issn = {01621459},
    journal = {Journal of the American Statistical Association},
    keywords = {fastrl, learning},
    number = {403},
    pages = {596--610},
    posted-at = {2008-08-04 10:14:34},
    priority = {2},
    publisher = {American Statistical Association},
    title = {{Locally Weighted Regression: An Approach to Regression Analysis by Local Fitting}},
    url = {http://dx.doi.org/10.2307/2289282},
    volume = {83},
    year = {1988}
}

@inproceedings{NaiveBayes,
 author = {Lewis, David D.},
 title = {Naive (Bayes) at Forty: The Independence Assumption in Information Retrieval},
 booktitle = {Proceedings of the 10th European Conference on Machine Learning},
 year = {1998},
 isbn = {3-540-64417-2},
 pages = {4--15},
 numpages = {12},
 url = {http://portal.acm.org/citation.cfm?id=645326.649711},
 acmid = {649711},
 publisher = {Springer-Verlag},
 address = {London, UK},
}

@inproceedings{Gillick,
 author = {Dan Gillick and Arlo Faria and John DeNero},
 title = {MapReduce: Distributed Computing for Machine Learning}
}

@inproceedings{quicksilverdb,
  author = {Sameer  Agarwal and Anand Padmanabha Iyer and Aurojit Panda and Barzan Mozafari and Sam Madden and Ion Stoica},
  title = {QuickSilverDB: Interactive Queries on Unbounded Data with Bounded Errors},
  booktitle={2011 Proceedings of CS294-42},
  year={2011}
}


